% Encoding: UTF-8

@misc{NCSC2024,
  author       = {{National Cyber Security Centre}},
  title        = {Shadow IT},
  year         = {2024},
  url          = {https://www.ncsc.gov.uk/guidance/shadow-it},
  note         = {Verkregen op 18 december 2024},
}

@online{bush2021ethical,
  author       = {Bush, Declan},
  title        = {Ethical hacker says ships are wide open to cyber attack},
  year         = {2021},
  month        = {May},
  day          = {27},
  journal      = {Lloyd's List Intelligence},
  url          = {https://www.lloydslist.com/LL1136933/Ethical-hacker-says-ships-are-wide-open-to-cyber-attack},
  note         = {Verkregen op 19 december 2024},
}

